@misc{ref:6DOF,
  title   = {Six degrees of freedom},
  url     = {https://en.wikipedia.org/wiki/Six_degrees_of_freedom},
  journal = {Wikipedia},
  year    = {2020},
  month   = {Apr}
}

@misc{ref:GUI,
  title   = {Graphical user interface},
  url     = {https://en.wikipedia.org/wiki/Graphical_user_interfac},
  journal = {Wikipedia},
  year    = {2019},
  month   = {Aug}
}

@book{ref:Quadrupedal_locomotion,
  title          = {Quadrupedal locomotion: an introduction to the control of four-legged robots},
  author         = { P. Gonzalez-de Santos and E. Garcia and J. Estremera},
  publisher      = {Springer},
  year           = {2006}
}

@ARTICLE{ref:RNIcontrol,
  author={Zhong-Ping Jiang and Marcels, I.},
  journal={IEEE Transactions on Automatic Control}, 
  title={Robust nonlinear integral control}, 
  year={2001},
  volume={46},
  number={8},
  pages={1336-1342},
  doi={10.1109/9.940947}
}